<?xml version="1.0" encoding="UTF-8"?><collection xmlns="http://www.loc.gov/MARC21/slim"><record><leader>00641nam--2200133-i-4500</leader><controlfield tag="001">000040712</controlfield><controlfield tag="002">20161230</controlfield><controlfield tag="005">20161230201042</controlfield><controlfield tag="008">060222s1000------------r-----000-0-eng-d</controlfield><datafield ind1=" " ind2=" " tag="100"><subfield code="a">Schileo, G.And Weissert, L.R</subfield></datafield><datafield ind1=" " ind2=" " tag="245"><subfield code="a">Fabrication of thorium fuel elements. an aec monograph. prepared under the direction of the american society for metals for the division of technical information united states atomic energy commision. publ.by american nuclear society</subfield></datafield><datafield ind1=" " ind2=" " tag="260"><subfield code="a">Hinsdale, Illinois, American Nuclear Society, 1968, 208p.(Cu Fig.)</subfield></datafield><datafield ind1=" " ind2=" " tag="490"><subfield code="a">American Society For Metals And Usaec Monograph Series On Met.In Nucl.Techn</subfield></datafield><datafield ind1=" " ind2=" " tag="852"><subfield code="a">33686</subfield></datafield></record></collection>